@Article{hal1983,
   Author="Halbertsma, J. M. ",
   Title="{{T}he stride cycle of the cat: the modelling of locomotion by computerized analysis of automatic recordings}",
   Journal="Acta Physiol Scand Suppl",
   Year="1983",
   Volume="521",
   Pages="1--75"
}